<?xml version="1.0" encoding="UTF-8"?>
<Document>
  <CstmrDrctDbtInitn>
    <GrpHdr>
      <MsgId>MSG0001</MsgId>
      <CreDtTm>1992-02-28T18:30:00Z</CreDtTm>
      <NbOfTxs>8</NbOfTxs>
      <CtrlSum>10775.21</CtrlSum>
      <InitgPty>
        <Nm>SOFTIFY SARL</Nm>
        <PstlAdr>
          <PstCd>75021</PstCd>
          <TwnNm>Paris</TwnNm>
          <Ctry>FR</Ctry>
          <AdrLine>289, Livva de Getamire</AdrLine>
        </PstlAdr>
        <CtctDtls>
          <Nm>M. Le Gerant</Nm>
          <PhneNb>+33 111 111 111</PhneNb>
          <EmailAdr>gerant@softify.bigbang</EmailAdr>
        </CtctDtls>
      </InitgPty>
    </GrpHdr>
    <PmtInf>
      <PmtInfId>MONECOLE_PAYMENTS_20130703</PmtInfId>
      <PmtMtd>DD</PmtMtd>
      <NbOfTxs>8</NbOfTxs>
      <CtrlSum>10775.21</CtrlSum>
      <PmtTpInf>
        <SvcLvl>
          <Cd>SEPA</Cd>
        </SvcLvl>
        <LclInstrm>
          <Cd>CORE</Cd>
        </LclInstrm>
      </PmtTpInf>
      <ReqdColltnDt>2013-07-10</ReqdColltnDt>
      <Cdtr>
        <Nm>Mon Ecole</Nm>
        <PstlAdr>
          <PstCd>75022</PstCd>
          <TwnNm>Paris</TwnNm>
          <Ctry>FR</Ctry>
          <AdrLine>3, Livva de Getamire</AdrLine>
        </PstlAdr>
        <CtctDtls>
          <Nm>M. le Directeur</Nm>
          <PhneNb>+33 999 999 999</PhneNb>
          <EmailAdr>directeur@monecole.softify.com</EmailAdr>
        </CtctDtls>
      </Cdtr>
      <CdtrAcct>
        <Id>
          <IBAN>FRGOOGOOYADDA9999999</IBAN>
        </Id>
      </CdtrAcct>
      <CdtrAgt>
        <FinInstnId>
          <BICFI>FRGGYELLOW99</BICFI>
        </FinInstnId>
      </CdtrAgt>
      <ChrgBr>SLEV</ChrgBr>
      <CdtrSchmeId>
        <Id>
          <OrgId>
            <Othr>
              <Id>FR123ZZZ010203</Id>
              <SchmeNm>
                <Prtry>SEPA</Prtry>
              </SchmeNm>
            </Othr>
          </OrgId>
        </Id>
      </CdtrSchmeId>
      <DrctDbtTxInf>
        <PmtId>
          <EndToEndId>MONECOLE REG F13789 PVT 3</EndToEndId>
        </PmtId>
        <PmtTpInf>
          <SeqTp>RCUR</SeqTp>
        </PmtTpInf>
        <InstdAmt Ccy="EUR">1231.31</InstdAmt>
        <DrctDbtTx>
          <MndtRltdInf>
            <MndtId>mandate-id-0</MndtId>
            <DtOfSgntr>2010-11-18</DtOfSgntr>
          </MndtRltdInf>
        </DrctDbtTx>
        <DbtrAgt>
          <FinInstnId>
            <BICFI>FRZZPPKOOKOO</BICFI>
          </FinInstnId>
        </DbtrAgt>
        <Dbtr>
          <Nm>DALTON/CONANMR</Nm>
          <PstlAdr>
            <PstCd>30005</PstCd>
            <TwnNm>RENNES</TwnNm>
            <Ctry>FR</Ctry>
            <AdrLine>64, Livva de Getamire</AdrLine>
          </PstlAdr>
          <CtctDtls>
            <Nm>Conan DALTON</Nm>
            <PhneNb>01234567890</PhneNb>
            <EmailAdr>conan@dalton.sepa.i.hope.this.works</EmailAdr>
          </CtctDtls>
        </Dbtr>
        <DbtrAcct>
          <Id>
            <IBAN>FRZIZIPAPARAZZI345789</IBAN>
          </Id>
        </DbtrAcct>
      </DrctDbtTxInf>
      <DrctDbtTxInf>
        <PmtId>
          <EndToEndId>MONECOLE REG F13791 PVT 3</EndToEndId>
        </PmtId>
        <PmtTpInf>
          <SeqTp>RCUR</SeqTp>
        </PmtTpInf>
        <InstdAmt Ccy="EUR">1133.33</InstdAmt>
        <DrctDbtTx>
          <MndtRltdInf>
            <MndtId>mandate-id-0</MndtId>
            <DtOfSgntr>2010-11-18</DtOfSgntr>
          </MndtRltdInf>
        </DrctDbtTx>
        <DbtrAgt>
          <FinInstnId>
            <BICFI>FRZZPPKOOKOO</BICFI>
          </FinInstnId>
        </DbtrAgt>
        <Dbtr>
          <Nm>DALTON/CONANMR</Nm>
          <PstlAdr>
            <PstCd>30005</PstCd>
            <TwnNm>RENNES</TwnNm>
            <Ctry>FR</Ctry>
            <AdrLine>64, Livva de Getamire</AdrLine>
          </PstlAdr>
          <CtctDtls>
            <Nm>Conan DALTON</Nm>
            <PhneNb>01234567890</PhneNb>
            <EmailAdr>conan@dalton.sepa.i.hope.this.works</EmailAdr>
          </CtctDtls>
        </Dbtr>
        <DbtrAcct>
          <Id>
            <IBAN>FRZIZIPAPARAZZI345789</IBAN>
          </Id>
        </DbtrAcct>
      </DrctDbtTxInf>
      <DrctDbtTxInf>
        <PmtId>
          <EndToEndId>MONECOLE REG F13790 PVT 3</EndToEndId>
        </PmtId>
        <PmtTpInf>
          <SeqTp>FRST</SeqTp>
        </PmtTpInf>
        <InstdAmt Ccy="EUR">1732.32</InstdAmt>
        <DrctDbtTx>
          <MndtRltdInf>
            <MndtId>mandate-id-1</MndtId>
            <DtOfSgntr>2012-01-19</DtOfSgntr>
          </MndtRltdInf>
        </DrctDbtTx>
        <DbtrAgt>
          <FinInstnId>
            <BICFI>FRQQWIGGA</BICFI>
          </FinInstnId>
        </DbtrAgt>
        <Dbtr>
          <Nm>ADAMS/SAMUELMR</Nm>
          <PstlAdr>
            <PstCd>75048</PstCd>
            <TwnNm>BERLIN</TwnNm>
            <Ctry>DE</Ctry>
            <AdrLine>256, Livva de Getamire</AdrLine>
          </PstlAdr>
          <CtctDtls>
            <Nm>Samuel ADAMS</Nm>
            <PhneNb>09876543210</PhneNb>
            <EmailAdr>samuel@adams.sepa.i.hope.this.works</EmailAdr>
          </CtctDtls>
        </Dbtr>
        <DbtrAcct>
          <Id>
            <IBAN>FRQUIQUIWIGWAM947551</IBAN>
          </Id>
        </DbtrAcct>
      </DrctDbtTxInf>
      <DrctDbtTxInf>
        <PmtId>
          <EndToEndId>MONECOLE REG F13792 PVT 3</EndToEndId>
        </PmtId>
        <PmtTpInf>
          <SeqTp>FRST</SeqTp>
        </PmtTpInf>
        <InstdAmt Ccy="EUR">1034.34</InstdAmt>
        <DrctDbtTx>
          <MndtRltdInf>
            <MndtId>mandate-id-1</MndtId>
            <DtOfSgntr>2012-01-19</DtOfSgntr>
          </MndtRltdInf>
        </DrctDbtTx>
        <DbtrAgt>
          <FinInstnId>
            <BICFI>FRQQWIGGA</BICFI>
          </FinInstnId>
        </DbtrAgt>
        <Dbtr>
          <Nm>ADAMS/SAMUELMR</Nm>
          <PstlAdr>
            <PstCd>75048</PstCd>
            <TwnNm>BERLIN</TwnNm>
            <Ctry>DE</Ctry>
            <AdrLine>256, Livva de Getamire</AdrLine>
          </PstlAdr>
          <CtctDtls>
            <Nm>Samuel ADAMS</Nm>
            <PhneNb>09876543210</PhneNb>
            <EmailAdr>samuel@adams.sepa.i.hope.this.works</EmailAdr>
          </CtctDtls>
        </Dbtr>
        <DbtrAcct>
          <Id>
            <IBAN>FRQUIQUIWIGWAM947551</IBAN>
          </Id>
        </DbtrAcct>
      </DrctDbtTxInf>
      <DrctDbtTxInf>
        <PmtId>
          <EndToEndId>MONECOLE REG F13793 PVT 3</EndToEndId>
        </PmtId>
        <PmtTpInf>
          <SeqTp>RCUR</SeqTp>
        </PmtTpInf>
        <InstdAmt Ccy="EUR">1935.35</InstdAmt>
        <DrctDbtTx>
          <MndtRltdInf>
            <MndtId>mandate-id-2</MndtId>
            <DtOfSgntr>2013-06-08</DtOfSgntr>
          </MndtRltdInf>
        </DrctDbtTx>
        <DbtrAgt>
          <FinInstnId>
            <BICFI>FRQQWIGGA</BICFI>
          </FinInstnId>
        </DbtrAgt>
        <Dbtr>
          <Nm>Mr. James Joyce</Nm>
          <PstlAdr>
            <PstCd>75099</PstCd>
            <TwnNm>LONDON</TwnNm>
            <AdrLine>512, Livva de Meet Agir</AdrLine>
          </PstlAdr>
          <CtctDtls>
            <Nm>Johann S. BACH</Nm>
            <PhneNb>09876543210</PhneNb>
            <EmailAdr>js@bach.sepa.i.hope.this.works</EmailAdr>
          </CtctDtls>
        </Dbtr>
        <DbtrAcct>
          <Id>
            <IBAN>FRQUIQUIWIGWAM947551</IBAN>
          </Id>
        </DbtrAcct>
      </DrctDbtTxInf>
      <DrctDbtTxInf>
        <PmtId>
          <EndToEndId>MONECOLE REG F13794 PVT 3</EndToEndId>
        </PmtId>
        <PmtTpInf>
          <SeqTp>RCUR</SeqTp>
        </PmtTpInf>
        <InstdAmt Ccy="EUR">1236.36</InstdAmt>
        <DrctDbtTx>
          <MndtRltdInf>
            <MndtId>mandate-id-2</MndtId>
            <DtOfSgntr>2013-06-08</DtOfSgntr>
          </MndtRltdInf>
        </DrctDbtTx>
        <DbtrAgt>
          <FinInstnId>
            <BICFI>FRQQWIGGA</BICFI>
          </FinInstnId>
        </DbtrAgt>
        <Dbtr>
          <Nm>Mr. James Joyce</Nm>
          <PstlAdr>
            <PstCd>75099</PstCd>
            <TwnNm>LONDON</TwnNm>
            <AdrLine>512, Livva de Meet Agir</AdrLine>
          </PstlAdr>
          <CtctDtls>
            <Nm>Johann S. BACH</Nm>
            <PhneNb>09876543210</PhneNb>
            <EmailAdr>js@bach.sepa.i.hope.this.works</EmailAdr>
          </CtctDtls>
        </Dbtr>
        <DbtrAcct>
          <Id>
            <IBAN>FRQUIQUIWIGWAM947551</IBAN>
          </Id>
        </DbtrAcct>
      </DrctDbtTxInf>
      <DrctDbtTxInf>
        <PmtId>
          <EndToEndId>MONECOLE REG F13793 PVT 3</EndToEndId>
        </PmtId>
        <PmtTpInf>
          <SeqTp>RCUR</SeqTp>
        </PmtTpInf>
        <InstdAmt Ccy="EUR">1235.42</InstdAmt>
        <DrctDbtTx>
          <MndtRltdInf>
            <MndtId>mandate-id-3</MndtId>
            <DtOfSgntr>2014-01-23</DtOfSgntr>
          </MndtRltdInf>
        </DrctDbtTx>
        <DbtrAgt>
          <FinInstnId>
            <Othr>
              <Id>NOTPROVIDED</Id>
            </Othr>
          </FinInstnId>
        </DbtrAgt>
        <Dbtr>
          <Nm>R Epelsteeltje</Nm>
          <PstlAdr>
            <PstCd>75099</PstCd>
            <TwnNm>Amsterdam</TwnNm>
            <Ctry>NL</Ctry>
            <AdrLine>Spuistraat 42</AdrLine>
          </PstlAdr>
          <CtctDtls>
            <Nm>Ron Epelsteeltje</Nm>
            <PhneNb>01234567890</PhneNb>
            <EmailAdr>ron@epelsteeltje.sepa.i.hope.this.works</EmailAdr>
          </CtctDtls>
        </Dbtr>
        <DbtrAcct>
          <Id>
            <IBAN>NLQUIQUIWIGWAM947551</IBAN>
          </Id>
        </DbtrAcct>
      </DrctDbtTxInf>
      <DrctDbtTxInf>
        <PmtId>
          <EndToEndId>MONECOLE REG F13794 PVT 3</EndToEndId>
        </PmtId>
        <PmtTpInf>
          <SeqTp>RCUR</SeqTp>
        </PmtTpInf>
        <InstdAmt Ccy="EUR">1236.78</InstdAmt>
        <DrctDbtTx>
          <MndtRltdInf>
            <MndtId>mandate-id-3</MndtId>
            <DtOfSgntr>2014-01-23</DtOfSgntr>
          </MndtRltdInf>
        </DrctDbtTx>
        <DbtrAgt>
          <FinInstnId>
            <Othr>
              <Id>NOTPROVIDED</Id>
            </Othr>
          </FinInstnId>
        </DbtrAgt>
        <Dbtr>
          <Nm>R Epelsteeltje</Nm>
          <PstlAdr>
            <PstCd>75099</PstCd>
            <TwnNm>Amsterdam</TwnNm>
            <Ctry>NL</Ctry>
            <AdrLine>Spuistraat 42</AdrLine>
          </PstlAdr>
          <CtctDtls>
            <Nm>Ron Epelsteeltje</Nm>
            <PhneNb>01234567890</PhneNb>
            <EmailAdr>ron@epelsteeltje.sepa.i.hope.this.works</EmailAdr>
          </CtctDtls>
        </Dbtr>
        <DbtrAcct>
          <Id>
            <IBAN>NLQUIQUIWIGWAM947551</IBAN>
          </Id>
        </DbtrAcct>
      </DrctDbtTxInf>
    </PmtInf>
  </CstmrDrctDbtInitn>
</Document>
